2734 4175
118 394 438 467 GEUM
486 345 767 454 rivale
809 393 1274 483 luxurians.
1327 394 1394 454 T.

109 584 596 668 Distinguitur
649 580 924 657 floribus
977 582 1258 656 erectis,
1331 581 1613 674 patulis,
1676 586 2065 672 semiplenis
2088 614 2107 669 ;

218 688 466 769 calyce
497 685 825 749 corollam
881 705 1080 768 saepe
1129 683 1417 748 multum
1478 678 1879 767 excedente,
1929 690 2107 775 ejus-

221 792 396 855 dem
429 788 714 866 laciniis,
757 786 1135 871 petalisque
1165 808 1450 853 numero
1503 788 1883 855 indefinitis.
1930 796 2002 856 T.

343 976 535 1029 Planta
561 974 668 1044 jem
718 973 881 1025 Conr.
929 972 1201 1026 Gessnero
1245 983 1299 1025 et
1347 959 1535 1027 Clusio
1594 977 1861 1045 cognita»
1878 986 1934 1031 et
1973 997 2003 1030 a
2042 977 2099 1031 h.

122 1064 436 1118 Wulsenio
463 1065 519 1115 in
547 1063 820 1133 Jacquinii
837 1055 1199 1115 Miscella'neis
1231 1063 1400 1121 T.-·11‚
1431 1084 1484 1136 p.
1514 1068 1599 1121 53.
1632 1071 1692 1115 et
1712 1084 1823 1138 seq.
1854 1064 2102 1139 descrip-

121 1164 194 1207 ta
223 1155 370 1205 etin
397 1150 476 1206 ill.
507 1152 562 1207 b.
600 1150 871 1224 Jacquinii
907 1151 1056 1208 leon.
1089 1150 1164 1221 pl.
1214 1169 1314 1203 rar.
1351 1153 1417 1203 T.
1463 1154 1508 1204 Ι.
1560 1150 1671 1204 tab.
1716 1162 1803 1225 94.
1848 1152 2103 1221 depicta,

121 1264 160 1295 a
199 1238 460 1313 pluribus
491 1237 619 1291 olim
653 1240 869 1291 nornine
904 1238 972 1291 G.
1007 1236 1220 1309 hybridi
1250 1259 1348 1311 pro
1379 1242 1562 1310 speeie
1602 1235 1888 1311 divulgata,
1921 1260 2102 1296 revera

49 1326 54 1333 ’
123 1349 210 1385 ne
241 1328 466 1403 quidem
509 1327 751 1389 varietas,
789 1326 887 1379 sed
928 1344 1070 1378 mera
1097 1330 1475 1381 monstrositas
1518 1328 1631 1379 dici
1670 1337 1922 1380 meretur.
1972 1330 2101 1401 Ipse

130 1418 278 1472 olim
353 1424 704 1487 spontaneam
773 1416 830 1467 iu
889 1417 1186 1478 nemorosis
1245 1414 1481 1467 humidis
1541 1413 1842 1488 subalpinis
1896 1419 2098 1471 montis

129 1502 574 1575 Schneeberffin
593 1504 801 1557 Austris
835 1504 1152 1564 inveneram,
1181 1522 1316 1575 quae
1349 1502 1547 1557 deiude
1564 1505 1621 1555 in
1636 1502 1907 1558 hortulum
1924 1514 2101 1559 trans·

126 1595 247 1649 late
273 1592 434 1647 simul
465 1592 626 1647 ssores
658 1592 727 1645 G.
758 1590 935 1645 rivalis
967 1590 1231 1645 normales
1264 1592 1465 1657 tulerat
1502 1591 1741 1664 aliosque
1770 1592 2099 1647 luxuriantes
2140 1609 2145 1618 “

91 1680 510 1755 „magnitudine
539 1681 879 1752 partiumque
909 1699 1162 1742 numero,
1211 1682 1320 1733 imo
1372 1699 1538 1732 unum
1589 1700 1618 1732 e
1658 1690 1845 1733 centro
1888 1680 2097 1755 prolifi-

130 1780 372 1833 cantem,
404 1768 556 1838 eujus
588 1768 688 1821 ssos
717 1768 1066 1841 seq-,undatius
1097 1771 1312 1839 penitus
1343 1768 1411 1821 G.
1460 1768 1637 1821 rivalis
1680 1769 1937 1822 normalis
1965 1779 2095 1823 erat.

130 1860 332 1915 Planta
362 1857 492 1911 haee
521 1857 731 1927 elegans
764 1856 1118 1929 etparadoxa
1158 1876 1373 1927 semper
1421 1858 1786 1909 curiositatem
1840 1857 2095 1931 observa-

127 1958 321 2002 torum
347 1940 670 2006 exstimulat,
706 1955 760 1997 et
785 1946 841 1998 in
867 1944 1039 1997 hortis
1070 1944 1177 1996 ooli
1209 1954 1459 1997 meretur.
1506 1946 1728 1997 Interim
1762 1946 1981 1997 minime
2012 1956 2096 1999 est

130 2036 323 2112 planta
354 2034 599 2102 hybrida,
632 2034 729 2087 sed
764 2052 908 2086 mera
936 2034 1311 2086 monstrositas
1349 2033 1662 2106 semiplena,
1698 2034 1755 2084 in
1801 2032 1919 2086 solo
1967 2036 2093 2106 pin-

131 2127 231 2196 gui
276 2133 330 2176 et
367 2121 587 2176 humido
630 2121 732 2175 sub
780 2120 968 2174 umbra
1011 2123 1273 2174 montium
1319 2121 1678 2194 arborumque
1721 2140 1749 2172 e
1792 2121 2091 2175 seminibus

30 2232 36 2244 ·
133 2214 206 2270 G.
239 2212 418 2265 rivalis
450 2219 596 2271 nata,
628 2203 778 2283 quod
807 2211 1170 2283 experimento
1199 2219 1414 2264 narrato
1449 2208 1864 2265 demonstratur.
1897 2210 2013 2263 Imo
2032 2219 2088 2261 et

30 2335 32 2338 >
59 2345 62 2354 .
129 2302 240 2356 alia
273 2295 566 2382 specimina
596 2299 664 2354 G.
693 2299 872 2354 rivalis
901 2298 1136 2369 vulgaria
1163 2300 1221 2351 in
1246 2297 1521 2350 hortulum
1546 2298 1825 2372 proprium
1854 2297 2085 2350 transla-

135 2400 191 2443 ta
222 2396 276 2442 et
303 2389 416 2460 pari
455 2387 664 2442 cautela
694 2386 839 2440 culta
880 2387 1250 2460 produxerunt
1295 2385 1455 2440 flores
1500 2387 1571 2443 G.
1616 2385 1935 2438 luxuriantis
1985 2402 2083 2437 seu

133 2480 213 2534 sie
244 2477 376 2532 dicti
409 2476 477 2532 G.
512 2475 747 2548 hybridi.
785 2474 852 2530 T.

221 3464 352 3515 121·
922 3453 985 3513 S.
1031 3449 1144 3512 111.
1194 3446 1289 3510 16.
