2734 4175
12 386 18 473 ξ
175 436 182 441 -
219 438 226 451 .
1083 411 1094 428 ²
1658 428 1661 436 ·
2070 408 2227 475 XIII

12 532 15 625 ἶ
263 559 604 650 patebunt
648 576 735 621 ex
770 556 1276 641 comparatione
1312 556 1813 639 schedularum,
1858 562 1931 625 in
1981 564 2228 649 quibua

12 654 15 689 ἶ
261 684 478 749 serius
509 682 674 747 istae
704 676 1003 743 familiae
1030 676 1563 743 illustrabuntur.
1860 690 1867 695 '

421 801 774 866 Terminus
805 821 852 884 p
873 820 914 861 o
934 798 1022 880 ly
1039 797 1104 858 f
1083 818 1108 859 1
1126 795 1234 861 du
1254 819 1284 861 s
1311 800 1759 883 vituperatur:
1792 802 1913 868 sed
1936 817 2036 869 est
2054 814 2216 874 vere

247 922 802 1010 philosophicus3
845 915 1356 983 multifidus
1388 917 1591 1003 longe
1626 921 1827 989 aliam
1874 926 2216 1012 rationem

159 1076 168 1083 -
245 1042 596 1128 exprimit,
638 1052 890 1124 nempe
934 1038 1006 1101 in
1034 1050 1258 1122 partes
1291 1035 1537 1101 multas
1582 1038 1903 1108 divisum:
1965 1048 2212 1131 poly-

155 1192 160 1197 ·
240 1163 282 1226 f
294 1162 449 1227 idu
469 1186 500 1227 s
535 1173 762 1225 autem
801 1156 1233 1223 solummodo
1270 1156 1835 1243 irregularitatem
1860 1165 1933 1228 in
1966 1186 2212 1233 nume—

236 1303 326 1347 ro
380 1283 679 1368 partium
730 1279 1089 1365 exprimit,
1152 1298 1325 1363 quae
1361 1277 1773 1365 quandoque
1812 1283 2012 1349 etiam
2049 1268 2210 1369 per-

234 1394 506 1489 paucae
541 1422 686 1465 esse
727 1411 1028 1487 possunt.
1091 1399 1202 1463 Sic
1259 1398 1474 1471 etiam,
1506 1400 1777 1483 signum
1823 1402 2007 1483 00
2062 1424 2209 1471 nou

233 1522 751 1587 multitudinem
787 1519 910 1585 sed
943 1539 1208 1584 meram
1240 1515 1805 1602 irregularitatem
1842 1524 1917 1589 in
1963 1544 2207 1591 nume-

228 1662 316 1707 ro
351 1642 628 1707 indicat.

291 1756 298 1762 ⁶
403 1761 918 1830 Multitudinem
951 1761 1300 1847 signorum
1332 1759 1873 1844 symbolioorum·
1922 1764 2089 1850 (vid.
2126 1768 2199 1834 Τ.

221 1890 278 1951 1.
333 1906 415 1973 p„
458 1884 586 1966 15.)
641 1904 969 1948 excusare
1027 1882 1234 1946 debet
1272 1882 1667 1967 exemplum
1702 1886 1873 1949 tanti
1903 1884 2201 1971 praede-

8 2087 11 2100 μ
231 2007 560 2083 cessoris,
624 2005 838 2091 qualis
887 1994 1058 2071 P‘rof.
1110 2007 1209 2067 De
1260 2000 1587 2068 Candolle
1626 2016 1747 2081 est,
1794 2005 1914 2091 qui
1952 2004 2195 2071 eadem

8 2105 11 2212 ἶ
221 2128 488 2214 primus
525 2128 600 2190 in
634 2146 757 2192 suo
808 2127 1180 2206 systemate
1219 2123 1511 2188 naturali
1546 2125 1836 2190 induxit.
1878 2128 2021 2211 Ego
2041 2123 2201 2190 tan-'

8 2213 26 2341 ἰ
215 2261 372 2312 tum
412 2247 666 2312 mutavi
702 2247 775 2310 in
809 2258 1133 2312 consueta
1175 2243 1755 2324 Calendariorum,
1803 2257 1869 2309 et
1896 2265 2192 2331 perpau-

8 2303 14 2462 ἰ
215 2388 307 2432 ca
351 2386 531 2434 nova
576 2365 849 2445 addidi,
910 2386 1084 2451 quae
1133 2385 1223 2429 ex
1275 2367 1763 2451 consequentia
1804 2361 2193 2438 necessaria

7 2467 15 2552 ,ἶ
207 2485 656 2554 'videbantur
718 2490 969 2546 Eorum
1019 2464 1383 2546 utilitatem
1437 2483 1995 2550 commonstrabit
2027 2506 2189 2552 usus

8 2575 10 2580 .
211 2607 294 2670 in
330 2623 700 2690 progressu
737 2599 984 2685 operis.
1033 2609 1040 2616 “

347 2724 596 2803 Quod
644 2722 1078 2788 varietatum
1105 2721 1653 2804 consignationes
1717 2743 1807 2788 ex
1866 2725 2187 2810 operibus

8 2837 12 2884 ·'
209 2847 494 2930 Thoryi‚
515 2841 844 2918 Woodsii,
865 2839 1036 2907 Rani
1057 2851 1184 2906 ete
1205 2840 1346 2906 huc
1357 2841 1713 2908 translatae
1732 2845 1934 2928 genio
1950 2843 2178 2930 philo-

8 2885 26 3030 }
205 2967 507 3054 sophico
557 2965 912 3029 destitutae
961 2961 1115 3039 sint,
1159 2959 1362 3026 video
1396 2975 1461 3026 et
1496 2961 1734 3028 doleo:
1780 2965 1905 3030 sed
1942 2966 2061 3026 has
2106 2963 2181 3028 in
2238 2985 2243 2990 ·

207 3084 663 3153 commodum
699 3083 972 3148 illorum
1003 3080 1248 3168 adjeci,
1293 3084 1411 3168 qui
1444 3085 1675 3150 hortos
1712 3085 2062 3161 sustinent,
2114 3099 2182 3150 et

209 3225 425 3291 saepe
484 3205 873 3292 ingentibus
925 3202 1341 3286 sumptibus,
1416 3203 1807 3270 nominibus
1864 3201 2177 3296 decepti,

206 3322 436 3393 Rosa's
468 3341 724 3405 emunt,
767 3325 889 3412 abs
933 3322 1122 3410 quod
1153 3322 1400 3401 sciant,
1447 3321 1693 3408 quibus
1738 3295 2181 3392 relationibus

211 3470 374 3515 sese
415 3449 501 3517 ad
535 3449 698 3535 alias
737 3446 1170 3529 habeant‚·et
1191 3443 1365 3536 quid
1401 3443 1487 3510 de
1522 3445 1817 3533 ipsarum
1856 3445 2183 3533 dignitate
