2734 4175
38 245 234 305 ³⁸⁶2
305 297 316 304 .

37 449 42 458 Ι
101 404 116 414 ·
181 345 1090 483 ff‘ff'FRQG'AOIiIXLEnn.
1131 353 1656 463 omniumque
1696 396 2161 451 auctorum.
2243 392 2255 459 ζ

43 509 73 556 ‘·
141 517 160 566 Γ
230 568 238 575 ,
277 514 489 595 (Syst.
523 529 663 571 sex.
707 509 874 568 Icos.
897 501 1154 588 ‘polyg.
1205 503 1281 566 A.
1313 513 1395 588 2¹¹·
1440 505 1808 569 Rosaceae.
1853 509 1931 571 G.
1976 529 2046 594 p.
2094 512 2235 574 Du-

235 614 251 658 Ῑ
371 613 711 689 chesnea.)
827 671 838 686 ,

278 789 499 853 Char:
525 833 532 838 .
561 803 724 869 gen:
779 780 1236 846 Perianthium
1303 780 1859 866 monophyllum3
1918 782 2199 868 planum
2216 829 2237 862 ‚

371 885 851 952 decemfidum:
936 880 1198 947 laciniis
1257 882 1532 948 alternis
1600 884 2053 949 exterioribus
2116 909 2237 951 an-

363 985 797 1078 gustioribus·
841 985 1064 1049 Petala
1111 987 1153 1051 5
1201 987 1643 1062 subrotunda,
1686 989 2007 1072 patentia,
2054 989 2239 1073 caly-

371 1095 438 1156 ci
479 1094 742 1154 inserta.
789 1091 1089 1153 Stamina
1119 1089 1417 1173 plurima
1446 1090 1661 1172 calyci
1698 1092 1967 1154 inserta.
2012 1097 2241 1174 Gyno-

267 1191 272 1196 ’
363 1197 658 1280 phorum
693 1191 1096 1278 plerumque
1131 1191 1637 1271 succulentum‚
1680 1193 1938 1258 abeuns
1968 1196 2038 1258 in
2074 1196 2240 1260 hac-

297 1367 304 1372 ,
368 1317 520 1360 cam
593 1296 907 1379 spuriam.
991 1295 1311 1370 Germina
1369 1293 1670 1378 plurima
1730 1297 1803 1358 in
1866 1298 2241 1382 capitulum

368 1398 688 1473 collecta3
733 1396 886 1479 styli
928 1396 1261 1460 laterales.
1308 1399 1567 1460 Akenia
1610 1397 2081 1485 suhdmpacea
2113 1423 2238 1486 gy-

362 1504 673 1588 nophoro
722 1499 1373 1576 rotundato-ovate,
1415 1500 1741 1586 pulpum,
1786 1502 2002 1580 molli,
2047 1527 2239 1592 mag-

361 1624 477 1682 no,
524 1602 845 1678 colorato,
895 1602 1045 1667 basi
1073 1615 1410 1697 truncate,
1456 1604 1752 1670 deciduo
1789 1601 2172 1672 insidentia.

481 1797 691 1851 Veteris
719 1796 947 1867 frugum,
985 1805 1042 1848 et
1064 1797 1124 1848 in
1151 1795 1350 1868 plurali
1377 1797 1543 1869 fraga,
1581 1804 1733 1850 orum
1766 1799 2053 1869 audiebet3
2106 1799 2236 1854 inde

280 1885 608 1940 recentiores
643 1886 890 1937 fecerunt
929 1885 1243 1956 Fragariam.
1301 1884 1602 1939 Alexander
1632 1886 1701 1940 de
1749 1887 1915 1941 Theis
1960 1888 2168 1942 derivat
2202 1909 2234 1940 a

275 1976 592 2047 fragrantia:
654 1973 753 2026 sed
799 1982 988 2046 posset
1039 1974 1200 2026 etiarn
1253 1972 1455 2026 deduci
1503 1993 1535 2028 a
1568 1962 1683 2053 ῥαξ
1704 2019 1723 2050 ‚
1759 1981 1978 2057 ῥωγὰς,
2024 1977 2228 2030 acinus.

247 2067 466 2123 ·Genus
505 2044 777 2138 F¹ragariae
813 2067 974 2119 nimis
1010 2063 1162 2119 affine
1192 2075 1278 2119 est
1308 2065 1667 2128 potentillae,
1706 2074 1761 2120 et
1798 2067 1883 2121 Fr.
1922 2067 2126 2131 sterili,
2176 2076 2232 2121 et

205 2166 212 2171 “
276 2154 570 2233 micrantha
607 2158 885 2228 separatis,
917 2155 996 2207 nil
1032 2164 1345 2219 remaneret,
1379 2156 1488 2209 nisi
1542 2153 1817 2209 character
1864 2174 2009 2210 mere
2059 2159 2228 2211 artili-

270 2246 420 2299 cialis
477 2242 777 2317 gynophori
826 2245 1072 2298 carnosi.'
1127 2246 1340 2303 Interea
1388 2242 1606 2297 habitus
1664 2244 1939 2313 Pragariee
2001 2247 2227 2317 penitus
2310 2251 2321 2268 ¹

111 2356 118 2360 ·
161 2378 174 2395 .,
281 2334 464 2387 differt
512 2333 580 2386 ab
628 2333 817 2386 habitu
865 2331 1218 2395 potentillae,
1269 2341 1326 2386 et
1376 2330 1708 2385 characteres
1744 2330 1942 2403 singuli
1977 2351 2086 2387 uon
2122 2337 2230 2389 nisi

280 2421 686 2495 exceptionibus
723 2420 1012 2485 deficiunt,
1061 2424 1252 2475 ceteris
1302 2419 1696 2495 praesentibus.
1762 2419 1857 2473 sic
1905 2420 2230 2478 potentinae

278 2532 388 2566 non
413 2513 521 2566 nisi
551 2511 866 2586 excipiendo
896 2512 1177 2586 proferunt
1203 2512 1363 2566 ssores
1395 2510 1568 2575 albos,
1599 2508 1686 2564 vel
1718 2508 1978 2573 stolones,
2009 2510 2095 2564 vel
2138 2514 2227 2566 fo·

275 2601 350 2655 lia
385 2610 609 2665 ter-nata,
635 2610 915 2673 ‘nunquam
954 2602 1133 2653 omnia
1166 2599 1344 2654 simul.
1395 2599 1491 2654 Sic
1520 2598 1800 2671 Fragariae
1834 2616 1952 2650 raro
1991 2600 2223 2671 efflagel-

197 2716 204 2726 ·
273 2689 353 2744 les
390 2698 533 2752 sunt,
570 2697 626 2743 et
658 2688 876 2743 nonnisi
916 2690 1110 2743 ceteris
1163 2690 1415 2743 omnibus
1468 2684 1926 2759 respondentibus
1973 2698 2221 2765 recepta-

277 2779 396 2833 culo
432 2781 580 2833 sicco
619 2776 883 2832 aberrant.
937 2776 1052 2831 Cel.
1092 2775 1382 2831 Duchesne
1427 2776 1684 2849 plurimas
1720 2777 1996 2849 Fragariae
2047 2782 2221 2835 varie-

159 2882 164 2895 ·
275 2876 411 2922 tates
452 2867 760 2939 descripsit,
797 2865 1099 2940 dequibus
1137 2863 1430 2920 admodum
1467 2850 1693 2919 difficile‘
1734 2874 1846 2927 est,
1901 2864 2223 2933 decernere,

280 2955 348 3009 ad
386 2974 644 3029 quasnam
678 2956 888 3029 speeies
925 2957 1107 3009 referri
1148 2955 1418 3010 debeant:
1475 2956 1557 3008 sic
1606 2956 1888 3011 varietates
1937 2955 2227 3027 speciebus

273 3043 691 3098 intermiscendo
723 3045 1000 3098 nominum
1033 3046 1289 3118 gravitate
1324 3060 1521 3100 sonora
1549 3044 1751 3099 curiosi
1781 3062 1812 3095 a
1845 3060 1968 3103 vera
2003 3052 2224 3123 naturae

280 3132 588 3205 cognitione
625 3133 976 3191 seducuntur.
1015 3135 1080 3187 T.
1794 3128 1797 3133 ’
1908 3127 1913 3135 ’
2072 3124 2079 3131 ’

359 3464 495 3529 150.
1082 3471 1144 3541 S.
1188 3474 1302 3535 ΙΙΙ.
1353 3498 1448 3559 ¹9·
1520 3506 1528 3515 ’
