2734 4175
249 352 871 445 DALIBARDA
917 368 993 429 L.
1037 368 1292 429 Bubus
1341 362 1636 424 Willd.
1694 360 1965 423 Smith.
2010 372 2123 423 ete.

225 500 452 595 (Syst.
493 513 631 556 sex.
653 486 994 554 Icosandr.
1025 484 1344 571 polygyn.
1380 484 1456 547 Α.
1491 504 1558 545 ιι.
1616 484 1981 545 Rosaceae.
2030 483 2105 546 G.
2142 501 2209 566 p.

331 592 824 691 Waldsteinia.)

242 788 451 853 Char:
507 802 664 869 gen.
723 778 938 861 Calyx
969 774 1448 861 monophyllus
1500 773 1679 841 sub·
1703 772 2209 859 campanulatus

331 890 424 954 5-
441 888 637 964 fidus,
657 880 860 946 lobis
903 880 1097 965 apice
1135 876 1717 952 subdenticulatis‚
1740 878 2211 989 ebracteatus‚

327 984 402 1055 in
434 990 586 1053 sinu
639 1006 763 1051 suo
816 987 1123 1071 germina
1150 982 1427 1059 fovens,
1474 981 1560 1044 ad
1590 948 1879 1048 limbum
1923 984 2214 1048 stamina

328 1108 735 1167 numerosa,
784 1088 1077 1153 decidua
1129 1085 1375 1151 ferens·
1440 1087 1692 1152 Pistilla
1735 1088 2010 1165 5-103
2056 1086 2212 1170 styli

334 1176 609 1269 exserti,
668 1190 1066 1264 staminibus
1108 1188 1477 1254 breviores,
1523 1192 1783 1255 Akenia
1835 1192 2210 1278 impropria

330 1305 719 1381 aggregata,
757 1290 986 1374 calyce
1028 1294 1430 1378 persistente
1465 1293 1909 1373 invulnerata,
1953 1314 2205 1380 pauca,

323 1395 604 1474 sessilis,
657 1396 836 1459 intus
857 1396 1289 1483 cartilaginea
1309 1411 1375 1463 et
1409 1398 1901 1485 subdrupacea‚
1942 1396 2201 1479 semine

323 1520 650 1587 appenso,
697 1498 883 1584 stylis
911 1500 1447 1586 persistentibus.
1489 1505 1559 1566 T.
2075 1510 2084 1527 ⁸

430 1690 658 1764 Species
685 1690 989 1765 usquedum
1017 1711 1220 1764 paucae
1251 1693 1499 1763 cognitae
1531 1694 1588 1746 in
1616 1694 1890 1757 Americae
1918 1690 2201 1762 utriusque

233 1782 388 1852 zonis
403 1781 716 1852 temperatis
732 1771 1060 1843 habitantes,
1089 1780 1401 1843 herbaceae,
1428 1790 1694 1853 repentes,
1722 1779 2043 1853 eliganthae.
2076 1778 2202 1833 Una

232 1876 512 1943 praeterea
539 1869 773 1939 species,
805 1871 863 1921 in
891 1867 990 1922 cel.
1025 1859 1295 1924 Steuflelii
1321 1870 1740 1924 Nomenclatore
1766 1868 2023 1922 botanico
2053 1866 2196 1920 desi-

230 1966 392 2031 gnata
420 1956 513 2025 (D.
538 1964 744 2010 tornata
775 1956 814 2010 S
832 1956 1002 2029 teph
1020 1976 1099 2009 an
1117 1957 1159 2027 i)
1191 1977 1221 2010 a
1249 1976 1333 2010 me
1358 1956 1428 2011 ad
1458 1976 1625 2029 genua
1662 1957 2062 2013 Waldsteiniae
2107 1972 2194 2007 re-

227 2046 339 2102 lata
366 2046 488 2122 fuit,
528 2044 824 2100 dummodo
853 2049 1036 2120 specie
1069 2046 1393 2100 sufficienter
1431 2045 1642 2100 diversa
1684 2046 1757 2099 sit
1793 2066 1837 2108 a
1876 2047 1973 2107 W,
2021 2044 2193 2114 fraga-

229 2133 448 2190 rioide?
483 2133 670 2192 Genus
697 2134 1034 2187 Linneanum
1067 2154 1096 2186 a
1127 2133 1359 2188 Smithio
1391 2152 1453 2189 ao
1467 2133 1856 2190 Willdenowio
1888 2153 2009 2186 cum
2034 2131 2192 2184 Rubo

226 2223 520 2284 reunitum,
554 2221 656 2275 aed
685 2223 1012 2277 sufficienter
1046 2223 1332 2284 diversum,
1366 2224 1661 2297 praecipue
1692 2222 1893 2276 akeniis
1922 2222 2101 2282 siccis,
2136 2227 2193 2272 et

225 2309 412 2382 calyce
439 2309 816 2381 monophyllo,
862 2311 1358 2386 subeampanulato.
1423 2305 1733 2383 separanda
1765 2329 1889 2366 vero
1915 2309 1986 2365 D.
2015 2309 2188 2380 fraga·

227 2397 450 2467 rioides‚
486 2416 620 2471 quae
656 2397 757 2456 cel.
791 2400 934 2458 Prot,
973 2401 1435 2472 Argentoratensi,
1476 2397 1728 2453 Nestlero
1770 2399 2051 2471 proprium
2094 2415 2186 2466 ge-

219 2506 324 2540 nus
353 2487 660 2548 constituit,
695 2487 846 2559 quod
873 2487 956 2541 illi
987 2489 1449 2561 Comaropsis
1484 2485 1669 2556 audit3
1718 2486 1816 2542 sed
1854 2504 1953 2560 pro
1996 2493 2184 2539 nostro

209 2575 416 2647 jndicio
444 2593 474 2626 a
512 2574 880 2630 Waldsteinia
909 2594 1020 2655 non
1046 2575 1370 2630 sufficienter
1396 2575 1598 2638 differt,
1645 2575 1887 2648 adeoque
1934 2593 2056 2628 cum
2089 2571 2184 2625 illa

218 2661 656 2735 conjungendum
693 2672 792 2722 est.

412 2752 666 2806 Nomen·
650 2771 742 2806 ιιι
723 2754 1151 2808 venerationem
1185 2754 1438 2826 Dionysii
1474 2750 1756 2822 Dalibard,
1797 2750 1961 2818 Galli,
1999 2751 2177 2806 edito-

214 2859 288 2904 ns
317 2840 514 2894 Florae
534 2842 874 2902 Parisiensis.
907 2843 976 2899 T.

301 3455 444 3518 1003
1031 3440 1096 3500 S.
1141 3438 1254 3502 111.
1304 3436 1401 3504 15.
