2734 4175
507 401 655 468 XIV

509 554 944 624 sentiendum
978 556 1081 618 sit.
1146 552 1346 632 Quod
1378 554 1635 650 Censor
1666 551 1771 636 de·
1801 551 2076 649 floribus
2126 552 2346 638 plenis
2394 565 2462 615 et
2508 609 2520 616 .

267 686 284 696 ‘
401 688 411 714 ¹
507 650 898 766 semiplenis
925 676 1110 752 dicit,
1155 675 1227 739 in
1247 690 1330 736 eo
1363 673 1583 736 omnis
1620 673 1993 737 consentio.
2033 672 2277 756 Utique
2300 670 2461 757 ‘ple-

503 799 746 866 nitudo
776 817 918 862 non
955 808 1058 858 est
1090 793 1400 870 varietas,
1444 791 1569 862 sed
1604 813 1793 857 mera
1824 793 2321 859 monstrositas!
2370 797 2460 874 (v.

479 901 581 987 '¹12
619 927 669 990 1.
702 919 876 1003 Epit.
907 935 976 1000 p.
1007 915 1146 995 30.)

487 1063 493 1071 ·
638 1006 954 1104 κ(πικρή
987 1030 1567 1120 praeplacuissent
1597 1035 1955 1100 schemata
1987 1036 2318 1099 Rosarum
2375 1029 2467 1098 ad

470 1205 474 1209 ι
505 1159 814 1233 ¹diversos
862 1156 1178 1232 intuitus,
1235 1156 1752 1240 restringentes,
1796 1154 1953 1242 plus
1984 1155 2346 1238 minusque
2375 1149 2474 1216 li-

506 1278 798 1346 berales.
840 1275 979 1367 Sed
1011 1279 1182 1341 haec
1209 1277 1282 1340 in
1310 1295 1518 1362 opere
1537 1277 1685 1364 ipso
1706 1274 1799 1342 ob
1834 1277 2130 1342 rationes
2162 1275 2299 1360 jam
2340 1293 2471 1340 ex·

503 1401 758 1488 positas
788 1397 937 1464 dari
966 1379 1110 1464 non
1143 1409 1481 1482 poterant,
1526 1379 1737 1484 quum
1785 1410 2051 1462 tantum
2102 1395 2299 1466 statui
2352 1391 2465 1479 ip·-

504 1520 646 1586 siu·
671 1519 1020 1604 primitivo
1055 1515 1597 1597 adcommodata,
1646 1533 1713 1584 et
1734 1532 1911 1604 .post
1961 1515 2238 1604 aliquod
2283 1528 2463 1579 tem-

502 1662 632 1726 pus
670 1658 838 1702 mox
873 1639 1122 1703 iterum
1160 1619 1577 1724 incompleta
1630 1653 1831 1724 atque
1885 1637 2241 1704 immunda
2294 1634 2469 1698 fnis-

503 1729 672 1827 sent.
729 1759 946 1822 Forte
1011 1760 1084 1822 in
1153 1757 1453 1824 futurum
1514 1757 1862 1851 opnsculis
1927 1759 2241 1824 solitariis
2296 1752 2466 1819 talia

503 1881 903 1968 praestab03
950 1893 1017 1944 et
1049 1881 1183 1943 hoc
1215 1897 1298 1944 eo
1331 1878 1577 1947 melius
1603 1882 1839 1966 perfici
1868 1880 2142 1967 poterit,
2184 1873 2463 1989 quando

504 2005 784 2069 intuitus
825 2014 893 2066 et
923 2000 1181 2101 juqicia
1211 1999 1687 2087 primariorum
1715 2003 1789 2066 in
1826 2015 2061 2070 nostra
2092 2013 2233 2065 arte
2279 1997 2471 2064 circa
2514 2054 2520 2059 .

382 2165 390 2173 ·
503 2124 718 2189 relata
746 2120 1084 2211 patefacta
1113 2120 1387 2190 fuerint·

674 2243 782 2311 Ad
813 2258 970 2311 vota
1005 2240 1320 2311 Censoris
1353 2223 1423 2329 p.
1474 2244 1601 2331 275
1642 2265 2001 2332 expressa,
2066 2258 2135 2311 et
2182 2190 2469 2329 quidem

511 2388 567 2431 ι.
579 2368 609 2449 )
670 2379 750 2431 nt
807 2370 1224 2451 Conspectus
1281 2364 1793 2452 philosophicus
1846 2367 2075 2435 Totius
2119 2366 2423 2431 tradatur
2442 2408 2469 2441 ‚

511 2482 928 2570 respondere
961 2499 1265 2569 oportetz
1311 2486 1522 2577 qnod,
1556 2488 1654 2545 nti
1672 2487 1903 2567 paullo
1938 2502 2138 2553 antea
2162 2486 2331 2559 dixi,
2363 2496 2489 2557 ta-,

508 2602 594 2667 lis
623 2604 847 2689 potins
885 2606 955 2667 in
979 2599 1311 2689 opusculo
1346 2598 1672 2687 singulari
1704 2601 2189 2668 desiderandus
2229 2602 2349 2681 sit,
2398 2604 2471 2667 et'

512 2722 703 2811 qnod
737 2743 960 2789 nexus
993 2736 1062 2787 et
1095 2722 1385 2807 dignitas
1416 2720 1923 2789 individuorum
1944 2744 2087 2787 non
2122 2743 2211 2789 ex
2230 2722 2463 2809 dispo-

515 2846 758 2911 sitione
798 2815 1146 2929 artificiali,
1193 2842 1315 2906 sed
1338 2843 1563 2929 potius
1605 2864 1694 2909 ex
1725 2832 1885 2911 sola'
1923 2844 2210 2915 naturali
2259 2842 2467 2910 intel-

440 2952 446 2957 ’
510 2966 633 3052 ligi
680 2964 965 3042 debeat3
1028 2968 1140 3047 2.)·
1177 2977 1254 3029 nt
1301 2965 1621 3029 methodi.
1654 2964 2134 3033 emendentur:
2179 2984 2467 3050 respon·—

513 3086 685 3154 deo:
759 3085 1238 3157 Methodorum
1295 3086 1684 3156 emendatio
1730 3090 1925 3174 prius
1980 3109 2025 3152 a
2073 3085 2463 3153 theoreticis

469 3260 476 3265 .
517 3210 903 3275 confirmari
943 3200 1184 3285 debet3
1229 3208 1342 3273 hic
1371 3228 1511 3273 non
1541 3224 1641 3279 est
1672 3209 1872 3281 *locus
1900 3230 2027 3296 pro
2062 3206 2469 3275 elaboratio-

515 3326 718 3433 nihns
772 3350 958 3396 mere
1006 3329 1437 3395 theoreticisx
1512 3329 1875 3417 diagnoses
1914 3346 2143 3399 autem
2193 3328 2465 3395 ab'aliis

469 3468 476 3473 ·
517 3445 769 3515 adlatas
807 3451 1170 3517 emendare
1199 3472 1425 3539 neque
1454 3453 1670 3541 potui,
1714 3472 1845 3520 nec
1875 3452 2094 3529 volui:
2137 3455 2259 3521 has
2277 3450 2461 3519 enim
