2734 4175
553 385 702 449 xvl

549 534 801 605 niinori
836 536 1019 604 idem
1055 552 1498 625 praestemus,
1538 536 1887 623 quodcel.
1924 539 2093 605 P-rof.
2133 540 2511 617 Lehmann-i
2605 569 2615 578 ·
2681 551 2689 559 '
2724 576 2726 587 ·

555 654 1051 747 Monographia
1086 659 1170 723 de
1210 657 1563 725 Potentilla
1594 661 1666 723 in
1700 659 1961 726 duabus
1990 661 2255 748 paginis
2288 663 2362 725 in
2397 672 2497 740 4to

550 783 796 871 majori
834 779 1186 868 praestitit.
1726 782 1731 787 “

719 900 1018 970 Tandem
1065 912 1384 984 optasset,
1426 911 1503 964 ut
1534 898 2075 967 abbreviationes
2117 912 2511 967 consuetas:
2544 939 2550 945 -

545 1044 610 1089 v.
631 1044 694 1086 v.
715 1040 813 1105 sp.
845 1054 932 1069 —-
960 1040 1023 1082 v.
1047 1042 1110 1083 v.
1133 1039 1189 1083 c.
1235 1055 1316 1070 —
1350 1040 1414 1084 v·
1436 1042 1487 1085 s.
1510 1042 1606 1105 sp.
1643 1058 1729 1075 -
1760 1044 1890 1085 v.s.
1912 1044 1969 1086 c.
2000 1034 2083 1073 -·-
2112 1040 2238 1106 pro
2272 1033 2511 1085 aucto-

544 1142 743 1207 ritate
785 1137 1245 1205 confirmanda
1287 1139 1707 1227 adjecissem.
1750 1142 1891 1206 Sed
1932 1164 2101 1228 opus
2138 1140 2356 1226 ipsum
2404 1154 2511 1205 at-

541 1262 796 1327 tentius
834 1260 1337 1345 perspiciendo,
1380 1260 1663 1339 videbit,
1697 1283 1806 1325 me
1837 1261 2118 1350 nullibi,
2174 1261 2295 1333 ubi
2336 1260 2509 1325 utile

541 1381 922 1460 videbatur,
953 1381 1320 1445 reticuisse*
1342 1394 1784 1467 conspectum
1812 1382 1924 1448 vel
1961 1381 2303 1447 defectum
2336 1382 2503 1447 sub-

546 1502 906 1588 jectorur'n.
949 1501 1453 1584 Descriptiones
1492 1514 1558 1565 et
1596 1501 1953 1587 diagnoses
1989 1505 2297 1588 proprias
2346 1502 2507 1567 lite-

541 1642 620 1685 ra
647 1625 720 1686 T.
763 1594 1175 1703 subsignavi,
1223 1618 1475 1682 alienas
1504 1623 1781 1683 nomine
1810 1624 2119 1687 auctoris.
2178 1625 2246 1686 Si
2297 1592 2503 1709 plan-

536 1754 678 1806 tam
711 1758 960 1805 novam
996 1737 1335 1814 describe,
1381 1723 1652 1824 semper
1683 1740 1861 1819 dico,
1904 1740 2026 1806 ubi
2056 1742 2241 1807 illam
2270 1744 2501 1809 vivam

535 1860 652 1925 'vel
689 1859 1102 1925 exsiccatam
1134 1856 1445 1923 viderim.
1491 1836 1616 1923 Pro
1643 1857 2209 1947 descriptionibus
2244 1862 2501 1947 allega-

537 1981 622 2045 tis
663 1991 790 2044 stat
828 1981 1186 2047 auctoritas
1219 1977 1421 2056 illius,
1469 1977 1659 2065 cujus
1692 2000 1860 2067 opus
1908 1982 2271 2067 descriptio
2326 1980 2499 2045 alle-

530 2114 687 2188 gata
730 2115 848 2166 est.
891 2099 1028 2164 Sed
1065 2103 1122 2166 si
1155 2100 1328 2165 forte
1361 2100 1747 2185 usquedum
1776 2101 2189 2167 indicatione
2220 2105 2493 2188 inspec—

532 2223 738 2290 tionis
774 2222 975 2286 nimis
1006 2241 1248 2307 parcus
1291 2216 1588 2298 fuissem,
1635 2219 1709 2286 in
1743 2221 2041 2286 futurum
2102 2244 2182 2288 eo
2236 2223 2494 2307 largior

538 2364 690 2425 ero;
740 2344 863 2408 etsi
895 2362 1036 2406 non
1073 2362 1343 2427 semper
1384 2341 1901 2408 abbrevationes
1937 2354 2289 2408 consuetas
2325 2341 2491 2408 'sub-—

533 2459 852 2548 jungam:
899 2462 1342 2548 inspectionis
1376 2460 1713 2525 confessio
1750 2461 1933 2525 enim
1977 2479 2175 2550 saepe
2212 2462 2348 2548 jam
2398 2483 2489 2528 ex

434 2619 438 2626 ·
532 2581 680 2666 ipsa
719 2579 1174 2667 descriptione
1216 2579 1660 2646 animadverti
1691 2580 1947 2670 potest.'

585 2717 588 2722 ·
699 2701 898 2766 Hisce
930 2701 1301 2768 rationibus
1330 2694 1707 2766 adlatisssill..
1740 2705 1994 2767 Censor
2046 2715 2113 2768 et
2158 2704 2483 2776 Lectores

533 2819 882 2899 videbunt,
927 2841 1038 2884 me
1077 2821 1314 2885 saltem
1345 2839 1487 2884 non
1526 2823 1785 2886 incurie
1826 2836 1893 2886 et
1917 2825 2061 2888 sine
2103 2825 2289 2888 omni
2321 2823 2481 2888 fun-

529 2945 848 3009 damento
883 2941 1119 3025 egisse:
1155 2943 1349 3006 Forte
1384 2963 1536 3006 mea
1573 2943 1926 3010 ratiocinia
1962 2965 2245 3009 erronea
2274 2950 2475 3009 sunt?

529 3065 668 3129 Sed
709 3065 894 3129 hisce
941 3062 1250 3139 innixuS‚
1315 3063 1644 3148 optimum
1694 3059 1927 3152 putavi
1974 3064 2239 3148 facere,
2286 3066 2479 3150 quod

529 3179 682 3261 feci,
729 3207 805 3259 ac
839 3185 1048 3272 potui.

598 3318 836 3378 Viennae
872 3296 960 3380 ΙΙ.ι
987 3321 1102 3382 cal.
1144 3323 1448 3398 septembr.
1476 3323 1941 3383 MDcccxxm.

1298 3567 1337 3588 ,ῃ

1297 3599 1336 3638 'd
